<?xml version="1.0" encoding="UTF-8"?><collection xmlns="http://www.loc.gov/MARC21/slim"><record><leader>00375nam--2200145-i-4500</leader><controlfield tag="001">000039959</controlfield><controlfield tag="002">20161230</controlfield><controlfield tag="005">20161230201042</controlfield><controlfield tag="008">060222s1000------------r-----000-0-eng-d</controlfield><datafield ind1=" " ind2=" " tag="080"><subfield code="a">669.017</subfield></datafield><datafield ind1=" " ind2=" " tag="100"><subfield code="a">Sachs,G</subfield></datafield><datafield ind1=" " ind2=" " tag="245"><subfield code="a">Spanlose formung der metalle</subfield></datafield><datafield ind1=" " ind2=" " tag="260"><subfield code="a">Leipzig, Akad.Verlagsgesellschaft, M.B.H.,1937. 236 P</subfield></datafield><datafield ind1=" " ind2=" " tag="490"><subfield code="a">Handbuch Der Metallphysik</subfield></datafield><datafield ind1=" " ind2=" " tag="852"><subfield code="a">5110</subfield></datafield></record></collection>